@book{koza92,
		author    = "Koza, John R.",
		title     = "Genetic Programming: On the Programming of Computers by Means of Natural Selection",
		publisher = "MIT Press",
		year      = "1992"
}


@misc{ wiki:latex,
       author = "Wikipedia",
       title = "LaTeX --- Wikipedia{,} La enciclopedia libre",
       year = "2015",
       url = "https://es.wikipedia.org/w/index.php?title=LaTeX&oldid=84209252",
       note = "[Internet; descargado 30-septiembre-2015]"
}

@article{noauthor_scrum_2019,
	title = {Scrum {Manager}: {Temario} {Troncal} {I}},
	volume = {Versión 2.6.1},
	copyright = {Derechos regitrados en Safe Creative nº de registro: 1607208414838},
	url = {https://www.scrummanager.net/files/scrum_manager.pdf},
	language = {es},
	author = {Iubaris Info 4 Media SL.},
	month = jan,
	year = {2019},
	pages = {94}
}

@misc{lopez_portal_2019,
	title = {Portal web para la gestión de la asignatura de trabajos fin de {Grado} de {Ingeneiría} : clopezno/clopezno.github.io},
	shorttitle = {Portal web para la gestión de la asignatura de trabajos fin de {Grado} de {Ingeneiría}},
	url = {https://github.com/clopezno/clopezno.github.io},
	urldate = {2019-07-01},
	author = {López, Carlos},
	month = jun,
	year = {2019},
	note = {original-date: 2016-09-27T09:36:06Z},
	keywords = {Métricas}
}

@phdthesis{ratzinger_space:_2007,
	type = {{PhD} {Thesis}},
	title = {{sPACE}: {Software} {Project} {Assessment} in the {Course} of {Evolution}},
	url = {http://www.inf.usi.ch/jazayeri/docs/Thesis_Jacek_Ratzinger.pdf},
	author = {Ratzinger, Jacek},
	year = {2007},
	keywords = {metrics, refactoring}
}

@inproceedings{marticorena_soporte_2005,
	title = {Soporte de {Métricas} con {Independencia} del {Lenguaje} para la {Inferencia} de {Refactorizaciones}},
	url = {http://giro.infor.uva.es/Publications/2005/MCL05},
	booktitle = {X {Jornadas} {Ingenieria} del {Software} y {Bases} de {Datos} ({JISBD} 2005), {Granada}, {Spain} {ISBN}: 84-9732-434-{X}},
	author = {Marticorena, Raúl and Crespo, Yania and López, Carlos},
	month = sep,
	year = {2005},
	pages = {59--66}
}